@article{Henry2020,
author = {Henry, Emeric and Guriev, Sergei and Zhuravskaya, Ekaterina},
file = {:home/nandan/Dropbox/Research/Random Papers to Read/2020-henry-guriev-zhuravskaya-checking-and-sharing-alt-facts.pdf:pdf},
title = {{Checking and Sharing Alt-Facts}},
year = {2020}
}
