@article{Rao2020,
  title={Conducting Surveys and Interventions Entirely Online: A Virtual Lab Researcherâ€™s Manual.},
  author={Rao, Nandan and Donati, Dante and Orozco, Victor},
  url={https://drive.google.com/file/d/1XgkkatKAKwYrczWaxA8PaDpbRc47FTWi},
  year={2020}
}
@article{Evans2021,
  title={Work in Progress},
  author={Evans, William Doug},
  year={2021}
}
